% This file was created with JabRef 2.4.
% Encoding: Cp1252

@BOOK{schimel2012writing,
  title={Writing Science: How to Write Papers That Get Cited and Proposals That Get Funded},
  author={Schimel, J.},
  pages = {231},
  isbn={9780199760237},
  lccn={2011028465},
  year={2012},
  publisher={Oxford University Press, USA}
}

@BOOK{young2002technical,
  title={The Technical Writer's Handbook},
  author={Young, M.},
  pages = {232},
  isbn={9781891389214},
  lccn={88051695},
  year={2002},
  publisher={University Science Books}
}

@MANUAL{alker2006,
	title={Sprachleitfaden, Gendergerechter Sprachgebrauch an der FH Campus Wien},
	author={Alker, U. and Weilenmann, U.},
	year={2006},
	organization={FH Campus Wien}}
	
@MANUAL{petz2018,
	title={Checkliste Wissenschafltiche Arbeiten},
	author={Petz, A. and Oberpertinger, R.},
	year={2018},
	organization={FH Campus Wien}}





@MISC{manzato,
   author =       {Manzato, Andrea},
   title =        {Implementing the Zero Trust model through Microsoft Azure Technologies for Enterprise Security},
   url =          {https://thesis.unipd.it/handle/20.500.12608/46149},
   note =         {[Accessed 13.04.2024]},
 }

@MISC{alappat,
   author =       {Alappat, Mathews Rajan},
   title =        {Multifactor Authentication Using Zero Trust},
   url =          {https://repository.rit.edu/cgi/viewcontent.cgi?article=12639&context=theses},
   note =         {[Accessed 13.04.2024]},
 }

@MISC{bicer,
   author =       {Bicer, Cem},
   title =        {Design and implementation of a blockchain-based zero trust architecture on the edge},
   url =          {https://repositum.tuwien.at/handle/20.500.12708/177179},
   note =         {[Accessed 13.04.2024]},
 }

@MISC{kang,
   author =       {Kang, Hongzhaoning},
   title =        {Theory and Application of Zero Trust Security: A Brief Survey},
   url =          {https://www.researchgate.net/publication/376022602_Theory_and_Application_of_Zero_Trust_Security_A_Brief_Survey},
   note =         {[Accessed 13.04.2024]},
 }

@MISC{modderkolk,
   author =       {Modderkolk, Michel},
   title =        {Zero Trust Maturity Matters},
   url =          {https://studenttheses.uu.nl/bitstream/handle/20.500.12932/29189/Thesis_MG.Modderkolk_ZeTuMM_V1.0-Public.pdf?sequence=2&isAllowed=y},
   note =         {[Accessed 13.04.2024]},
 }

@MISC{hristov,
   author =       {Hristov, Pavel},
   title =        {Designing an intrusion detection system for a Kubernetes cluster},
   url =          {http://essay.utwente.nl/91693/1/Hristov-BA-EEMCS.pdf},
   note =         {[Accessed 13.04.2024]},
 }

@MISC{nordell,
   author =       {Nordell, Fred},
   title =        {A Systematic evaluation of CVEs and mitigation strategies for a Kubernetes stack},
   url =          {https://lup.lub.lu.se/luur/download?func=downloadFile&recordOId=9103043&fileOId=9103371},
   note =         {[Accessed 13.04.2024]},
 }

@MISC{munoz,
   author =       {Lopez Munoz, Miguel Angel},
   title =        {Kubernetes Near Real-Time Monitoring and Secure Network Architectures},
   url =          {https://publications.scss.tcd.ie/theses/diss/2022/TCD-SCSS-DISSERTATION-2022-080.pdf},
   note =         {[Accessed 13.04.2024]},
 }

@MISC{giangiulio,
   author =       {Giangiulio, Francesco and Malmberg, Sebastien},
   title =        {Testing the Security of a Kubernetes Cluster in a Production Environment},
   url =          {https://www.diva-portal.org/smash/get/diva2:1700029/FULLTEXT01.pdf},
   note =         {[Accessed 13.04.2024]},
 }

@MISC{crociani,
   author =       {Crociani, Riccardo},
   title =        {A security framework for multi-cluster Kubernetes architectures},
   url =          {https://thesis.unipd.it/handle/20.500.12608/35521},
   note =         {[Accessed 13.04.2024]},
 }






















@comment{jabref-meta: selector_publisher:}

@comment{jabref-meta: selector_author:}

@comment{jabref-meta: selector_journal:}

@comment{jabref-meta: selector_keywords:}

